@inproceedings{hartmeier2002design,
  title={Design and Performance of the OpenBSD Stateful Packet Filter (pf).},
  author={Hartmeier, Daniel and Systor, AG},
  booktitle={USENIX Annual Technical Conference, FREENIX Track},
  pages={171--180},
  year={2002}
}
@article{marco2019address,
  title={Address space layout randomization next generation},
  author={Marco-Gisbert, Hector and Ripoll Ripoll, Ismael},
  journal={Applied Sciences},
  volume={9},
  number={14},
  pages={2928},
  year={2019},
  publisher={MDPI}
}
@inproceedings{izurieta2006evolution,
  title={The evolution of FreeBSD and Linux},
  author={Izurieta, Clemente and Bieman, James},
  booktitle={Proceedings of the 2006 ACM/IEEE international symposium on empirical software engineering},
  pages={204--211},
  year={2006}
}
@article{hsu2004dragonflybsd,
  title={The dragonflybsd operating system},
  author={Hsu, Jeffrey M},
  journal={Proceedings USENIX AsiaBSDCon, Taipei, Taiwan},
  year={2004}
}
@inproceedings{mewburn2001design,
  title={The Design and Implementation of the NetBSD rc. d System.},
  author={Mewburn, Luke},
  booktitle={USENIX Annual Technical Conference, FREENIX Track},
  pages={69--79},
  year={2001}
}
@inproceedings{de2010jitsec,
  title={Jitsec: Just-in-time security for code injection attacks},
  author={De Groef, Willem and Nikiforakis, Nick and Younan, Yves and Piessens, Frank},
  booktitle={Benelux Workshop on Information and System Security (WISSEC 2010), Date: 2010/11/29-2010/11/30, Location: Nijmegen, The Netherlands},
  year={2010}
}
